<?xml version="1.0" encoding="UTF-8"?><collection xmlns="http://www.loc.gov/MARC21/slim"><record><leader>00670nam--2200193-i-4500</leader><controlfield tag="001">000048394</controlfield><controlfield tag="002">20161230</controlfield><controlfield tag="005">20161230201047</controlfield><controlfield tag="008">060222s1000------------r-----000-0-rum-d</controlfield><datafield ind1=" " ind2=" " tag="040"><subfield code="a">IFIN-HH</subfield></datafield><datafield ind1=" " ind2=" " tag="041"><subfield code="a">rum</subfield></datafield><datafield ind1=" " ind2=" " tag="080"><subfield code="a">539.166:5391.074(043)</subfield></datafield><datafield ind1="1" ind2=" " tag="100"><subfield code="a">Popescu, Corneliu</subfield></datafield><datafield ind1="1" ind2="0" tag="245"><subfield code="a">Contributii la analiza spectrelor de energie in optimizarea metodelor de investigatie bazate pe retroimprastierea radiatiilor gamma</subfield><subfield code="b">Teza</subfield><subfield code="c">Corneliu popescu</subfield></datafield><datafield ind1=" " ind2=" " tag="260"><subfield code="a">Bucuresti</subfield><subfield code="b">Institutul De Fizica Si Inginerie Nucleara</subfield><subfield code="c">1984</subfield></datafield><datafield ind1=" " ind2=" " tag="300"><subfield code="a">186P</subfield></datafield><datafield ind1=" " ind2=" " tag="502"><subfield code="a">Conducator Sttintific: Dr.Ing. Paul Draghicescu</subfield></datafield><datafield ind1=" " ind2=" " tag="852"><subfield code="a">72490</subfield><subfield code="c">539.143.43</subfield></datafield><datafield ind1=" " ind2=" " tag="CAT"><subfield code="a">Sys</subfield><subfield code="c">20120511</subfield><subfield code="h">170529</subfield></datafield></record></collection>